@article{Fayet:1974pd,
    author = "Fayet, Pierre",
    title = "{Supergauge Invariant Extension of the Higgs Mechanism and a Model for the electron and Its Neutrino}",
    reportNumber = "PTENS-74-7",
    doi = "10.1016/0550-3213(75)90636-7",
    journal = "Nucl. Phys. B",
    volume = "90",
    pages = "104--124",
    year = "1975"
}
@article{Fayet:1977yc,
    author = "Fayet, Pierre",
    title = "{Spontaneously Broken Supersymmetric Theories of Weak, Electromagnetic and Strong Interactions}",
    reportNumber = "LPTENS 77/11",
    doi = "10.1016/0370-2693(77)90852-8",
    journal = "Phys. Lett. B",
    volume = "69",
    pages = "489",
    year = "1977"
}
@article{CMS:2022goy,
    collaboration = "CMS",
    title = "{Searches for additional Higgs bosons and for vector leptoquarks in $\tau\tau$ final states in proton-proton collisions at $\sqrt{s}$ = 13 TeV}",
    eprint = "2208.02717",
    archivePrefix = "arXiv",
    primaryClass = "hep-ex",
    reportNumber = "CMS-HIG-21-001, CERN-EP-2022-137",
    month = "8",
    year = "2022"
}
@article{HFLAV:2022pwe,
    author = "Amhis, Y. and others",
    collaboration = "HFLAV",
    title = "{Averages of $b$-hadron, $c$-hadron, and $\tau$-lepton properties as of 2021}",
    eprint = "2206.07501",
    archivePrefix = "arXiv",
    primaryClass = "hep-ex",
    month = "6",
    year = "2022"
}
@inproceedings{Cheaib:2022ral,
    author = "Cheaib, Racha",
    collaboration = "Belle II",
    title = "{Overview of R(D) and R(D*)}",
    booktitle = "{20th Conference on Flavor Physics and CP Violation~}",
    eprint = "2207.14146",
    archivePrefix = "arXiv",
    primaryClass = "hep-ex",
    month = "7",
    year = "2022"
}
@article{LHCb:2021trn,
    author = "Aaij, Roel and others",
    collaboration = "LHCb",
    title = "{Test of lepton universality in beauty-quark decays}",
    eprint = "2103.11769",
    archivePrefix = "arXiv",
    primaryClass = "hep-ex",
    reportNumber = "LHCb-PAPER-2021-004, CERN-EP-2021-042",
    doi = "10.1038/s41567-021-01478-8",
    journal = "Nature Phys.",
    volume = "18",
    number = "3",
    pages = "277--282",
    year = "2022"
}
@article{CMS:2020kwy,
    author = "Sirunyan, Albert M and others",
    collaboration = "CMS",
    title = "{Search for the lepton flavor violating decay $\tau$ $\to$ 3$\mu$ in proton-proton collisions at $\sqrt{s} =$ 13 TeV}",
    eprint = "2007.05658",
    archivePrefix = "arXiv",
    primaryClass = "hep-ex",
    reportNumber = "CMS-BPH-17-004, CERN-EP-2020-113",
    doi = "10.1007/JHEP01(2021)163",
    journal = "JHEP",
    volume = "01",
    pages = "163",
    year = "2021"
}
@article{Konno:2020tmf,
    author = "Konno, Tomoyuki",
    collaboration = "Belle-II",
    title = "{Tau LFV and LNV at Belle II}",
    doi = "10.22323/1.369.0089",
    journal = "PoS",
    volume = "NuFact2019",
    pages = "089",
    year = "2020"
}
@article{Perl:1975bf,
    author = "Perl, Martin L. and others",
    title = "{Evidence for Anomalous Lepton Production in e+ - e- Annihilation}",
    reportNumber = "SLAC-PUB-1626, LBL-4228",
    doi = "10.1103/PhysRevLett.35.1489",
    journal = "Phys. Rev. Lett.",
    volume = "35",
    pages = "1489--1492",
    year = "1975"
}
@inproceedings{Perl:1992ad,
    author = "Perl, Martin L.",
    title = "{The Discovery of the tau lepton}",
    booktitle = "{3rd International Symposium on the History of Particle Physics: The Rise of the Standard Model}",
    reportNumber = "SLAC-PUB-5937",
    pages = "79--100",
    month = "9",
    year = "1992"
}
@inproceedings{Perl:1996dk,
    author = "Perl, Martin L.",
    title = "{Reflections on the discovery of the tau lepton}",
    reportNumber = "SLAC-PUB-7049",
    month = "3",
    year = "1996"
}
@misc{Perl:past_future,
  author = "Perl, Martin L.",
  title = "Searches for heavy leptons and anomalous leptonic behavior -- the past and the future",
  year = "1972",
  howpublished = "\url{https://www.slac.stanford.edu/pubs/slacpubs/1000/slac-pub-1062.pdf}",
}
@article{Feldman:1976fm,
    author = "Feldman, G. J. and others",
    title = "{Inclusive Anomalous Muon Production in e+ e- Annihilation}",
    reportNumber = "SLAC-PUB-1838, LBL-5509",
    doi = "10.1103/PhysRevLett.38.117",
    journal = "Phys. Rev. Lett.",
    volume = "38",
    pages = "117",
    year = "1977",
    note = "[Erratum: Phys.Rev.Lett. 38, 576 (1977)]"
}
@article{PLUTO:1977ctk,
    author = "Burmester, J. and others",
    collaboration = "PLUTO",
    title = "{Anomalous Muon Production in e+ e- Annihilation as Evidence for Heavy Leptons}",
    reportNumber = "DESY-77-24",
    doi = "10.1016/0370-2693(77)90292-1",
    journal = "Phys. Lett. B",
    volume = "68",
    pages = "297",
    year = "1977"
}
@article{Barbaro-Galtieri:1977kfn,
    author = "Barbaro-Galtieri, Angela and others",
    title = "{Electron-Muon and electron-Hadron Production in e+ e- Collisions}",
    reportNumber = "SLAC-PUB-1976, LBL-6458",
    doi = "10.1103/PhysRevLett.39.1058",
    journal = "Phys. Rev. Lett.",
    volume = "39",
    pages = "1058",
    year = "1977"
}
@article{Bartel:1978ii,
    author = "Bartel, W. and others",
    title = "{A Precise Determination of the $\tau$ - Mass}",
    reportNumber = "DESY-78-24",
    doi = "10.1016/0370-2693(78)90718-9",
    journal = "Phys. Lett. B",
    volume = "77",
    pages = "331--336",
    year = "1978"
}
@article{Bacino:1978gb,
    author = "Bacino, W. and others",
    title = "{Measurement of the Threshold Behavior of tau+ tau- Production in e+ e- Annihilation}",
    reportNumber = "SLAC-PUB-2113",
    doi = "10.1103/PhysRevLett.41.13",
    journal = "Phys. Rev. Lett.",
    volume = "41",
    pages = "13",
    year = "1978"
}
@article{Bacino:1978wj,
    author = "Bacino, W. and others",
    title = "{Measurement of the Branching Ratios for $\tau \to \pi $\textbackslash{}nu\_\textbackslash{}tau$ and $\textbackslash{}tau \textbackslash{}to \textbackslash{}mu \textbackslash{}nu\_\textbackslash{}mu $\nu_\tau$}",
    reportNumber = "SLAC-PUB-2223",
    doi = "10.1103/PhysRevLett.42.6",
    journal = "Phys. Rev. Lett.",
    volume = "42",
    pages = "6",
    year = "1979"
}
@article{DONUT:2000fbd,
    author = "Kodama, K. and others",
    collaboration = "DONUT",
    title = "{Observation of tau neutrino interactions}",
    eprint = "hep-ex/0012035",
    archivePrefix = "arXiv",
    reportNumber = "FERMILAB-PUB-00-335-E",
    doi = "10.1016/S0370-2693(01)00307-0",
    journal = "Phys. Lett. B",
    volume = "504",
    pages = "218--224",
    year = "2001"
}
@article{ParticleDataGroup:2020ssz,
    author = "Zyla, P. A. and others",
    collaboration = "Particle Data Group",
    title = "{Review of Particle Physics}",
    doi = "10.1093/ptep/ptaa104",
    journal = "PTEP",
    volume = "2020",
    number = "8",
    pages = "083C01",
    year = "2020"
}
@article{CMS:2017yfk,
    author = "Sirunyan, A. M. and others",
    collaboration = "CMS",
    title = "{Particle-flow reconstruction and global event description with the CMS detector}",
    eprint = "1706.04965",
    archivePrefix = "arXiv",
    primaryClass = "physics.ins-det",
    reportNumber = "CMS-PRF-14-001, CERN-EP-2017-110",
    doi = "10.1088/1748-0221/12/10/P10003",
    journal = "JINST",
    volume = "12",
    number = "10",
    pages = "P10003",
    year = "2017"
}
@article{Adam:2005cg,
    author = "Adam, W. and Mangano, B. and Speer, T. and Todorov, T.",
    title = "{Track reconstruction in the CMS tracker}",
    reportNumber = "CERN-CMS-NOTE-2006-041, CMS-NOTE-2006-041",
    month = "12",
    year = "2005"
}
@article{CMS:2014pgm,
    author = "Chatrchyan, Serguei and others",
    collaboration = "CMS",
    title = "{Description and performance of track and primary-vertex reconstruction with the CMS tracker}",
    eprint = "1405.6569",
    archivePrefix = "arXiv",
    primaryClass = "physics.ins-det",
    reportNumber = "CMS-TRK-11-001, CERN-PH-EP-2014-070",
    doi = "10.1088/1748-0221/9/10/P10009",
    journal = "JINST",
    volume = "9",
    number = "10",
    pages = "P10009",
    year = "2014"
}
@article{adam2005reconstruction,
  title={Reconstruction of electrons with the Gaussian-sum filter in the CMS tracker at the LHC},
  author={Adam, Wolfgang and Fr{\"u}hwirth, R and Strandlie, Are and Todorov, T},
  journal={Journal of Physics G: Nuclear and Particle Physics},
  volume={31},
  number={9},
  pages={N9},
  year={2005},
  publisher={IOP Publishing}
}
@article{CMS:2018rym,
    author = "Sirunyan, A. M. and others",
    collaboration = "CMS",
    title = "{Performance of the CMS muon detector and muon reconstruction with proton-proton collisions at $\sqrt{s}=$ 13 TeV}",
    eprint = "1804.04528",
    archivePrefix = "arXiv",
    primaryClass = "physics.ins-det",
    reportNumber = "CMS-MUO-16-001, CERN-EP-2018-058",
    doi = "10.1088/1748-0221/13/06/P06015",
    journal = "JINST",
    volume = "13",
    number = "06",
    pages = "P06015",
    year = "2018"
}
@article{CMS:2013lxn,
    author = "Chatrchyan, Serguei and others",
    collaboration = "CMS",
    title = "{Energy Calibration and Resolution of the CMS Electromagnetic Calorimeter in $pp$ Collisions at $\sqrt{s} = 7$ TeV}",
    eprint = "1306.2016",
    archivePrefix = "arXiv",
    primaryClass = "hep-ex",
    reportNumber = "CMS-EGM-11-001, CERN-PH-EP-2013-097",
    doi = "10.1088/1748-0221/8/09/P09009",
    journal = "JINST",
    volume = "8",
    pages = "P09009",
    year = "2013"
}
@article{CMS:2019hpr,
    author = "Sirunyan, Albert M and others",
    collaboration = "CMS",
    title = "{Calibration of the CMS hadron calorimeters using proton-proton collision data at $\sqrt{s} =$ 13 TeV}",
    eprint = "1910.00079",
    archivePrefix = "arXiv",
    primaryClass = "physics.ins-det",
    reportNumber = "CMS-PRF-18-001, CERN-EP-2019-179",
    doi = "10.1088/1748-0221/15/05/P05002",
    journal = "JINST",
    volume = "15",
    number = "05",
    pages = "P05002",
    year = "2020"
}
@article{10.1145/361002.361007,
author = {Bentley, Jon Louis},
title = {Multidimensional Binary Search Trees Used for Associative Searching},
year = {1975},
issue_date = {Sept. 1975},
publisher = {Association for Computing Machinery},
address = {New York, NY, USA},
volume = {18},
number = {9},
issn = {0001-0782},
url = {https://doi.org/10.1145/361002.361007},
doi = {10.1145/361002.361007},
abstract = {This paper develops the multidimensional binary search tree (or k-d tree, where k is the dimensionality of the search space) as a data structure for storage of information to be retrieved by associative searches. The k-d tree is defined and examples are given. It is shown to be quite efficient in its storage requirements. A significant advantage of this structure is that a single data structure can handle many types of queries very efficiently. Various utility algorithms are developed; their proven average running times in an n record file are: insertion, O(log n); deletion of the root, O(n(k-1)/k); deletion of a random node, O(log n); and optimization (guarantees logarithmic performance of searches), O(n log n). Search algorithms are given for partial match queries with t keys specified [proven maximum running time of O(n(k-t)/k)] and for nearest neighbor queries [empirically observed average running time of O(log n).] These performances far surpass the best currently known algorithms for these tasks. An algorithm is presented to handle any general intersection query. The main focus of this paper is theoretical. It is felt, however, that k-d trees could be quite useful in many applications, and examples of potential uses are given.},
journal = {Commun. ACM},
month = {sep},
pages = {509–517},
numpages = {9},
keywords = {information retrieval system, nearest neighbor queries, binary search trees, attribute, intersection queries, binary tree insertion, key, associative retrieval, partial match queries}
}
@article{CMS:2020uim,
    author = "Sirunyan, Albert M and others",
    collaboration = "CMS",
    title = "{Electron and photon reconstruction and identification with the CMS experiment at the CERN LHC}",
    eprint = "2012.06888",
    archivePrefix = "arXiv",
    primaryClass = "hep-ex",
    reportNumber = "CMS-EGM-17-001, CERN-EP-2020-219",
    doi = "10.1088/1748-0221/16/05/P05014",
    journal = "JINST",
    volume = "16",
    number = "05",
    pages = "P05014",
    year = "2021"
}
@article{cms2012performance,
  title="{Performance of $\tau$-lepton reconstruction and identification in CMS}",
  author={CMS collaboration and others},
  journal={Journal of Instrumentation},
  volume={7},
  number={01},
  pages={P01001},
  year={2012},
  publisher={IOP Publishing}
}
@article{CMS:2015pac,
    author = "Khachatryan, Vardan and others",
    collaboration = "CMS",
    title = "{Reconstruction and identification of \ensuremath{\tau} lepton decays to hadrons and \ensuremath{\nu}$_τ$ at CMS}",
    eprint = "1510.07488",
    archivePrefix = "arXiv",
    primaryClass = "physics.ins-det",
    reportNumber = "CMS-TAU-14-001, CERN-PH-EP-2015-261",
    doi = "10.1088/1748-0221/11/01/P01019",
    journal = "JINST",
    volume = "11",
    number = "01",
    pages = "P01019",
    year = "2016"
}
@article{CMS:2018jrd,
    author = "Sirunyan, A. M. and others",
    collaboration = "CMS",
    title = "{Performance of reconstruction and identification of $\tau$ leptons decaying to hadrons and $\nu_\tau$ in pp collisions at $\sqrt{s}=$ 13 TeV}",
    eprint = "1809.02816",
    archivePrefix = "arXiv",
    primaryClass = "hep-ex",
    reportNumber = "CMS-TAU-16-003, CERN-EP-2018-229",
    doi = "10.1088/1748-0221/13/10/P10005",
    journal = "JINST",
    volume = "13",
    number = "10",
    pages = "P10005",
    year = "2018"
}
@article{CMS:2022prd,
    author = "Tumasyan, Armen and others",
    collaboration = "CMS",
    title = "{Identification of hadronic tau lepton decays using a deep neural network}",
    eprint = "2201.08458",
    archivePrefix = "arXiv",
    primaryClass = "hep-ex",
    reportNumber = "CMS-TAU-20-001, CERN-EP-2021-257",
    doi = "10.1088/1748-0221/17/07/P07023",
    journal = "JINST",
    volume = "17",
    pages = "P07023",
    year = "2022"
}
@article{CMS:2022wjj,
    collaboration = "CMS",
    title = "{Reconstruction of decays to merged photons using end-to-end deep learning with domain continuation in the CMS detector}",
    eprint = "2204.12313",
    archivePrefix = "arXiv",
    primaryClass = "hep-ex",
    reportNumber = "CMS-EGM-20-001, CERN-EP-2022-028",
    month = "4",
    year = "2022"
}
@article{Pata:2021oez,
    author = "Pata, Joosep and Duarte, Javier and Vlimant, Jean-Roch and Pierini, Maurizio and Spiropulu, Maria",
    title = "{MLPF: Efficient machine-learned particle-flow reconstruction using graph neural networks}",
    eprint = "2101.08578",
    archivePrefix = "arXiv",
    primaryClass = "physics.data-an",
    doi = "10.1140/epjc/s10052-021-09158-w",
    journal = "Eur. Phys. J. C",
    volume = "81",
    number = "5",
    pages = "381",
    year = "2021"
}
@article{olah2017feature,
  author = {Olah, Chris and Mordvintsev, Alexander and Schubert, Ludwig},
  title = {Feature Visualization},
  journal = {Distill},
  year = {2017},
  note = {https://distill.pub/2017/feature-visualization},
  doi = {10.23915/distill.00007}
}
@article{726791,
  author={Lecun, Y. and Bottou, L. and Bengio, Y. and Haffner, P.},
  journal={Proceedings of the IEEE}, 
  title={Gradient-based learning applied to document recognition}, 
  year={1998},
  volume={86},
  number={11},
  pages={2278-2324},
  doi={10.1109/5.726791}}
@inproceedings{NIPS2012_c399862d,
 author = {Krizhevsky, Alex and Sutskever, Ilya and Hinton, Geoffrey E},
 booktitle = {Advances in Neural Information Processing Systems},
 editor = {F. Pereira and C.J. Burges and L. Bottou and K.Q. Weinberger},
 pages = {},
 publisher = {Curran Associates, Inc.},
 title = {ImageNet Classification with Deep Convolutional Neural Networks},
 url = {https://proceedings.neurips.cc/paper/2012/file/c399862d3b9d6b76c8436e924a68c45b-Paper.pdf},
 volume = {25},
 year = {2012}
}
@article{simonyan2014very,
  title={Very deep convolutional networks for large-scale image recognition},
  author={Simonyan, Karen and Zisserman, Andrew},
  journal={arXiv preprint arXiv:1409.1556},
  year={2014}
}
@inproceedings{szegedy2015going,
  title={Going deeper with convolutions},
  author={Szegedy, Christian and Liu, Wei and Jia, Yangqing and Sermanet, Pierre and Reed, Scott and Anguelov, Dragomir and Erhan, Dumitru and Vanhoucke, Vincent and Rabinovich, Andrew},
  booktitle={Proceedings of the IEEE conference on computer vision and pattern recognition},
  pages={1--9},
  year={2015}
}
@inproceedings{he2016deep,
  title={Deep residual learning for image recognition},
  author={He, Kaiming and Zhang, Xiangyu and Ren, Shaoqing and Sun, Jian},
  booktitle={Proceedings of the IEEE conference on computer vision and pattern recognition},
  pages={770--778},
  year={2016}
}
@inproceedings{huang2017densely,
  title={Densely connected convolutional networks},
  author={Huang, Gao and Liu, Zhuang and Van Der Maaten, Laurens and Weinberger, Kilian Q},
  booktitle={Proceedings of the IEEE conference on computer vision and pattern recognition},
  pages={4700--4708},
  year={2017}
}
@inproceedings{tan2019efficientnet,
  title={Efficientnet: Rethinking model scaling for convolutional neural networks},
  author={Tan, Mingxing and Le, Quoc},
  booktitle={International conference on machine learning},
  pages={6105--6114},
  year={2019},
  organization={PMLR}
}
@article{Cogan:2014oua,
    author = "Cogan, Josh and Kagan, Michael and Strauss, Emanuel and Schwarztman, Ariel",
    title = "{Jet-Images: Computer Vision Inspired Techniques for Jet Tagging}",
    eprint = "1407.5675",
    archivePrefix = "arXiv",
    primaryClass = "hep-ph",
    doi = "10.1007/JHEP02(2015)118",
    journal = "JHEP",
    volume = "02",
    pages = "118",
    year = "2015"
}
@article{deOliveira:2015xxd,
    author = "de Oliveira, Luke and Kagan, Michael and Mackey, Lester and Nachman, Benjamin and Schwartzman, Ariel",
    title = "{Jet-images \textemdash{} deep learning edition}",
    eprint = "1511.05190",
    archivePrefix = "arXiv",
    primaryClass = "hep-ph",
    doi = "10.1007/JHEP07(2016)069",
    journal = "JHEP",
    volume = "07",
    pages = "069",
    year = "2016"
}
@article{Kagan:2020yrm,
    author = "Kagan, Michael",
    title = "{Image-Based Jet Analysis}",
    eprint = "2012.09719",
    archivePrefix = "arXiv",
    primaryClass = "physics.data-an",
    month = "12",
    year = "2020"
}
@article{Kasieczka:2019dbj,
    author = "Butter, Anja and others",
    editor = "Kasieczka, Gregor and Plehn, Tilman",
    title = "{The Machine Learning landscape of top taggers}",
    eprint = "1902.09914",
    archivePrefix = "arXiv",
    primaryClass = "hep-ph",
    doi = "10.21468/SciPostPhys.7.1.014",
    journal = "SciPost Phys.",
    volume = "7",
    pages = "014",
    year = "2019"
}
@article{ATLAS:2017dfg,
    collaboration = "ATLAS",
    title = "{Quark versus Gluon Jet Tagging Using Jet Images with the ATLAS Detector}",
    reportNumber = "ATL-PHYS-PUB-2017-017",
    month = "7",
    year = "2017"
}
@article{CMS:2020poo,
    author = "Sirunyan, Albert M and others",
    collaboration = "CMS",
    title = "{Identification of heavy, energetic, hadronically decaying particles using machine-learning techniques}",
    eprint = "2004.08262",
    archivePrefix = "arXiv",
    primaryClass = "hep-ex",
    reportNumber = "CMS-JME-18-002, CERN-EP-2020-037",
    doi = "10.1088/1748-0221/15/06/P06005",
    journal = "JINST",
    volume = "15",
    number = "06",
    pages = "P06005",
    year = "2020"
}
@article{KM3NeT:2020zod,
    author = "Aiello, S. and others",
    collaboration = "KM3NeT",
    title = "{Event reconstruction for KM3NeT/ORCA using convolutional neural networks}",
    eprint = "2004.08254",
    archivePrefix = "arXiv",
    primaryClass = "astro-ph.IM",
    doi = "10.1088/1748-0221/15/10/P10005",
    journal = "JINST",
    volume = "15",
    number = "10",
    pages = "P10005",
    year = "2020"
}
@article{Collado:2020ehf,
    author = "Collado, Julian and Bauer, Kevin and Witkowski, Edmund and Faucett, Taylor and Whiteson, Daniel and Baldi, Pierre",
    title = "{Learning to isolate muons}",
    eprint = "2102.02278",
    archivePrefix = "arXiv",
    primaryClass = "physics.data-an",
    doi = "10.1007/JHEP10(2021)200",
    journal = "JHEP",
    volume = "21",
    pages = "200",
    year = "2020"
}
@article{Collado:2020fwm,
    author = "Collado, Julian and Howard, Jessica N. and Faucett, Taylor and Tong, Tony and Baldi, Pierre and Whiteson, Daniel",
    title = "{Learning to identify electrons}",
    eprint = "2011.01984",
    archivePrefix = "arXiv",
    primaryClass = "physics.data-an",
    doi = "10.1103/PhysRevD.103.116028",
    journal = "Phys. Rev. D",
    volume = "103",
    number = "11",
    pages = "116028",
    year = "2021"
}
@article{Abbasi:2021ryj,
    author = "Abbasi, R. and others",
    title = "{A Convolutional Neural Network based Cascade Reconstruction for the IceCube Neutrino Observatory}",
    eprint = "2101.11589",
    archivePrefix = "arXiv",
    primaryClass = "hep-ex",
    doi = "10.1088/1748-0221/16/07/P07041",
    journal = "JINST",
    volume = "16",
    pages = "P07041",
    year = "2021"
}
@article{Paganini:2017dwg,
    author = "Paganini, Michela and de Oliveira, Luke and Nachman, Benjamin",
    title = "{CaloGAN : Simulating 3D high energy particle showers in multilayer electromagnetic calorimeters with generative adversarial networks}",
    eprint = "1712.10321",
    archivePrefix = "arXiv",
    primaryClass = "hep-ex",
    doi = "10.1103/PhysRevD.97.014021",
    journal = "Phys. Rev. D",
    volume = "97",
    number = "1",
    pages = "014021",
    year = "2018"
}
@article{Khattak:2021ndw,
    author = "Khattak, Gul Rukh and Vallecorsa, Sofia and Carminati, Federico and Khan, Gul Muhammad",
    title = "{Fast simulation of a high granularity calorimeter by generative adversarial networks}",
    eprint = "2109.07388",
    archivePrefix = "arXiv",
    primaryClass = "physics.ins-det",
    doi = "10.1140/epjc/s10052-022-10258-4",
    journal = "Eur. Phys. J. C",
    volume = "82",
    number = "4",
    pages = "386",
    year = "2022"
}
@article{Buhmann:2021caf,
    author = {Buhmann, Erik and Diefenbacher, Sascha and Hundhausen, Daniel and Kasieczka, Gregor and Korcari, William and Eren, Engin and Gaede, Frank and Kr\"uger, Katja and McKeown, Peter and Rustige, Lennart},
    title = "{Hadrons, better, faster, stronger}",
    eprint = "2112.09709",
    archivePrefix = "arXiv",
    primaryClass = "physics.ins-det",
    reportNumber = "DESY-21-220",
    doi = "10.1088/2632-2153/ac7848",
    journal = "Mach. Learn. Sci. Tech.",
    volume = "3",
    number = "2",
    pages = "025014",
    year = "2022"
}
@article{dozat2016incorporating,
  title={Incorporating nesterov momentum into adam},
  author={Dozat, Timothy},
  year={2016}
}
@inproceedings{lin2017focal,
  title={Focal loss for dense object detection},
  author={Lin, Tsung-Yi and Goyal, Priya and Girshick, Ross and He, Kaiming and Doll{\'a}r, Piotr},
  booktitle={Proceedings of the IEEE international conference on computer vision},
  pages={2980--2988},
  year={2017}
}